@article{sam2017a,
    author =       "Samsung",
    title =        "{Samsung Knox: mobile Sicherheit für Ihr Unternehmen}",
    pages =        "4",
    year =         "2017",
    url = https://www.vodafone.de/media/downloads/pdf/samsung-knox-produktfamilie-workspace-customization-enabled-app-mobil-enrollment.pdf
},

@article{sam2017b,
    author =       "Samsung",
    title =        "{Mitteilung über die Einstellung von My Knox}",
    year =         "2017",	
    url = https://my.samsungknox.com/
}

